@article{RefManual,
  title={{Reference Manual RM0090 for STM32F407}},
  author={STMicroelectronics},
  year={2017},
}
@MISC{Miosix,
  title = {Miosix Operating System},
  author = {Federico Terraneo},
  howpublished = {Website},
  note = {https://miosix.org/index.html}
  }
